@article{Kamano:2016djv,
  author         = "Kamano, H. and Lee, T. -S. H.",
  title          = "{Toward establishing low-lying $\Lambda$ and $\Sigma$
    hyperon resonances with the $\bar K + d \to \pi + Y + N$
    reaction}",
  journal        = "Phys. Rev.",
  volume         = "C94",
  year           = "2016",
  number         = "6",
  pages          = "065205",
  doi            = "10.1103/PhysRevC.94.065205",
  eprint         = "1608.03470",
  archivePrefix  = "arXiv",
  primaryClass   = "nucl-th",
  reportNumber   = "KEK-TH-1925, J-PARC-TH-0061",
  SLACcitation   = "%%CITATION = ARXIV:1608.03470;%%"
}


@article{Kamano:2014zba,
      author         = "Kamano, H. and Nakamura, S. X. and Lee, T. -S. H. and
                        Sato, T.",
      title          = "{Dynamical coupled-channels model of K$^âˆ’$p reactions:
                        Determination of partial-wave amplitudes}",
      journal        = "Phys. Rev.",
      volume         = "C90",
      year           = "2014",
      number         = "6",
      pages          = "065204",
      doi            = "10.1103/PhysRevC.90.065204",
      eprint         = "1407.6839",
      archivePrefix  = "arXiv",
      primaryClass   = "nucl-th",
      SLACcitation   = "%%CITATION = ARXIV:1407.6839;%%"
}


@article{Jido:2009jf,
      author         = "Jido, D. and Oset, E. and Sekihara, T.",
      title          = "{Kaonic production of Lambda(1405) off deuteron target in
                        chiral dynamics}",
      journal        = "Eur. Phys. J.",
      volume         = "A42",
      year           = "2009",
      pages          = "257-268",
      doi            = "10.1140/epja/i2009-10875-5",
      eprint         = "0904.3410",
      archivePrefix  = "arXiv",
      primaryClass   = "nucl-th",
      reportNumber   = "YITP-09-23, KUNS-2199",
      SLACcitation   = "%%CITATION = ARXIV:0904.3410;%%"
}

@article{Moriya:2014kpv,
      author         = "Moriya, K. and others",
      title          = "{Spin and parity measurement of the Lambda(1405) baryon}",
      collaboration  = "CLAS",
      journal        = "Phys. Rev. Lett.",
      volume         = "112",
      year           = "2014",
      number         = "8",
      pages          = "082004",
      doi            = "10.1103/PhysRevLett.112.082004",
      eprint         = "1402.2296",
      archivePrefix  = "arXiv",
      primaryClass   = "hep-ex",
      reportNumber   = "JLAB-PHY-14-1848",
      SLACcitation   = "%%CITATION = ARXIV:1402.2296;%%"
}

@article{Nacher:1998mi,
      author         = "Nacher, J. C. and Oset, E. and Toki, H. and Ramos, A.",
      title          = "{Photoproduction of the Lambda(1405) on the proton and
                        nuclei}",
      journal        = "Phys. Lett.",
      volume         = "B455",
      year           = "1999",
      pages          = "55-61",
      doi            = "10.1016/S0370-2693(99)00380-9",
      eprint         = "nucl-th/9812055",
      archivePrefix  = "arXiv",
      primaryClass   = "nucl-th",
      SLACcitation   = "%%CITATION = NUCL-TH/9812055;%%"
}





